@book{SZELISKI,
	title = {Computer Vision: Algorithms and Applications},
	author = {Richard Szeliski},
	edition = {1st},
	publisher = {Springer-Verlag New York, Inc.},
	year = {2010},
	address = {New York, NY, USA}
}

@book{TRUCCO,
	title = {Introductory Techniques for 3-D Computer Vision},
	author = {Emanuele Trucco and Alessandro Verri},
	publisher = {Prentice Hall PTR},
	year = {1998},
	address = {Upper Saddle River, NJ, USA}
}

@book{SHAPIRO,
	title = {Computer Vision},
	author = {George Stockman and Linda G. Shapiro},
	edition = {1st},
 	publisher = {Prentice Hall PTR},
	year = {2001},
	address = {Upper Saddle River, NJ, USA}
}

@book{FOLEY,
	title = {Computer graphics: principles and practice (2nd ed.)},
	author = {James D. Foley and Andries van Dam and Steven K. Feiner and John F. Hughes},
	publisher = {Addison-Wesley Longman Publishing Co., Inc.},
	year = {1990},
	address = {Boston, MA, USA}
}

@book{MARR,
	title = {Vision: A Computational Investigation into the Human Representation and Processing of Visual Information},
	author = {David Marr},
	publisher = {Henry Holt and Co., Inc.},
	booktitle = {W.H. Freeman},
	year = {1982},
	address = {New York, NY, USA}
}

@book{GONZALEZ,
	title = {Digital Image Processing},
	author = {Rafael C. Gonzalez and Richard E. Woods},
	publisher = {Addison-Wesley Longman Publishing Co., Inc.},
	year = {2001},
	edition = {2nd},
 	address = {Boston, MA, USA}
}

@book{OGE,
	title = {Processamento Digital de Imagens},
	author = {Ogê Marques Filho and Hugo Vieira Neto},
	publisher = {Editora Brasport},
	year = {1999},
	edition = {1nd},
	address ={Rio de Janeiro, RJ, Brasil}
}

@book{PRATT,
	title = {Digital Image Processing},
	author = {William K. Pratt},
	publisher = {John Wiley \& Sons., Inc.},
	year = {1978},
	edition = {1nd},
	address ={New York, NY, USA}
}

@book{FRED,
	title = {The Colorshop Color Primer An Introduction to the History of Color, Color Theory, and Color Measurement},
	author = {Fred Bunting},
	edition = {1 st},
	publisher = {Light Source Computer Images, Inc. An X-Rite Company},
	year = {1998},
}

@book{BRADSKI,
	title = {Learning OpenCV: Computer Vision with the OpenCV Library},
	author = {Gary Bradski and Adrian Kaehler},
	publisher = {O'Reilly Media},
	year = {2008},
	edition = {1st},
	address = {Cambridge, MA}
}

@book{DEMAAGD,
	title = {Practical Computer Vision with SimpleCV: The Simple Way to Make Technology See},
	author = {Kurt Demaagd and Anthony Oliver and Nathan Oostendorp and Katherine Scott},
	series = {Oreilly and Associate Series},
	year = {2012},
	publisher = {O'Reilly Media}
}

@book{JAIN,
	title = {Fundamentals of digital image processing},
	author = {Anil K. Jain},
	publisher = {Prentice-Hall, Inc.},
	year = {1989},
 	address = {Upper Saddle River, NJ, USA}
}

@article{TRIVEDI,
	title = {On making computers see},
	author = {Mohan M. Trivedi and Azriel Rosenfeld},
	journal = {IEEE Transaction on Systems, Man and Cybernetics},
	volume = {19},
	number = {6},
	month = {November},
	pages = {1333-1335},
	year = {1989}
}

@article{JOLION,
	title = {Computer vision methodologies},
	author = {Jean-Michel Jolion},
	journal = {CVGIP: Image Understading},
	publisher = {Academic Press, Inc.},
	volume = {59},
	number = {1},
	month = {January},
	pages = {53-71},
	year = {1994},
	address = {Orlando, FL, USA}
}

@article{KUMAR,
	title = {Article: A Theory Based on Conversion of RGB image to Gray image},
	author = {Tarun Kumar and Karun Verma},
	journal = {International Journal of Computer Applications},
	year = {2010},
	volume = {7},
	number = {2},
	pages = {7-10},
	month = {September},
	note = {Published By Foundation of Computer Science}
}

@article{ANDREWS,
	title = {Outer product expansions and their uses in digital image processing},
	author = {Harry C. Andrews and Claude L. Patterson},
	publisher = {IEEE Computer Society},
	journal = {IEEE Transactions on Computers},
	volume = {25},
	number = {2},
	pages = {140-148},
	month = {February},
	year = {1976},
	address = {Washington, DC, USA}
}

@article{BLACK,
	title= {A computational and evolutionary perspective on the role of representation in vision},
	author = {Michael J. Tarr and Michael J. Black},
	publisher = {Academic Press, Inc.},
	journal = {CVGIP: Image Understading},
	volume = {60},
	number = {1},
	pages = {65-73},
	month = {July},
	year = {1994},
	address = {Orlando, FL, USA}
}

@article{BAJCSY,
	title = {Active perception},
	author = {Ruzena Bajcsy},
	journal = {Proceedings of the IEEE},
	volume = {76},
	number = {8},
    pages = {996-1005},
	month = {August},
	year = {1988}
}

@article{BALLARD,
	title = {Principles of animate vision},
	author = {Dana H. Ballard and Christopher M. Brown},
	journal = {CVGIP: Image Understanding},
	volume = {56},
	number = {1},
	pages = {3-21},
	month = {July},
	year = {1992},
	address = {Orlando, FL, USA}
}

@article{FREI,
	title = {Image enhancement by histogram hyperbolization},
	author = {Werner Frei},
	journal = {Computer Graphics and Image Processing},
	volume = {6},
	pages = {286-294},
	year = {1977},
}

@article{NAYAR,
	title = {Multiresolution Histograms and Their Use for Recognition},
	author = {Efstathios Hadjidemetriou and Michael D. Grossberg and Nayar and Shree K. Nayar},
	journal = {IEEE Trans.Pattern Analysis and Machine Intelligence},
	publisher = {IEEE Computer Society},
	pages = {831-847},
	volume = {26},
	number = {7},
	month = {July},
	year = {2004},
	address = {Washington, DC, USA}
}

@article{ZHOU,
	title = {Relevance feedback in image retrieval: A comprehensive review},
	author = {Xiang S. Zhou and Thomas S. Huang},
	journal = {Multimedia Systems},
	pages = {536-544},
	volume = {8},
	number = {6},
	month = {April},
	year = {2003}
}

@article{THORNE,
	title = {Introduction to Computer Vision in Python},
	booktitle = {Kiwi PyCon 2009 Conference},
	author = {Brian R. Thorne},
	journal = {The Python Papers Monograph},
	url = {http://ojs.pythonpapers.org/index.php/tppm/article/view/94/111},
	volume = {1},
	year = {2009},
	urlaccessdate = {28 set. 2012}
}

@mastersthesis{REINALDO,
	title = {Uma arquitetura de controle distribuída para um sistema de visão computacional propositada},
	author = {Reinaldo Augusto da Costa Bianchi},
	school = {Escola Politécnica da Universidade de São Paulo},
	year = {1998},
	address = {São Paulo, SP, Brasil}
}

@phdthesis{WEBER,
	title = {Unsupervised learning of models for object recognition},
	author = {Markus Weber},
	school = {California Institute of Technology},
	year = {2000},
	address = {Pasadena, CA, USA}
}

@inproceedings{KOLMOGOROV,
	title = {Spatially coherent clustering using graph cuts},
	booktitle = {Proceedings of the 2004 IEEE computer society conference on Computer vision and pattern recognition},
	author = {Ramin Zabih and Vladimir Kolmogorov},
	series = {CVPR'04},
	pages = {437-444},
	volume = {2},
	publisher = {IEEE Computer Society},
	year = {2004},
	address = {Washington, DC, USA}
}

@inproceedings{MUSSER,
	title = {Generic Programming},
	booktitle = {Proceedings of the International Symposium ISSAC'88 on Symbolic and Algebraic Computation},
	author = {David R. Musser and Alexander A. Stepanov},
	series = {Lecture Notes In Computer Science 358},
	pages = {13-25},
	volume = {358},
	publisher = {Springer-Verlag},
	year = {1989},
	address = {London, UK, UK},
}

@inproceedings{ROTHER,
	title = {Cosegmentation of Image Pairs by Histogram Matching - Incorporating a Global Constraint into MRFs},
	booktitle = {Proceedings of the 2006 IEEE Computer Society Conference on Computer Vision and Pattern Recognition - Volume 1},
	author = {Carsten Rother and Vladimir Kolmogorov and Tom Minka and Andrew Blake},
	publisher = {IEEE Computer Society},
	series = {CVPR '06},
	pages = {993-1000},
	year = {2006},
	address = {Washington, DC, USA}
}

@inproceedings{ZHANG,
	title = {Image Segmentation Based on 2D Otsu Method with Histogram Analysis},
	booktitle = {Proceedings of the 2008 International Conference on Computer Science and Software Engineering - Volume 06},
	author = {Jun Zhang and Jinglu Hu},
	publisher = {IEEE Computer Society},
	series = {CSSE '08},
	pages = {105-108},
	year = {2008},
	address = {Washington, DC, USA}
}

@inproceedings{PUZICHA,
	title = {Histogram Clustering for Unsupervised Image Segmentation},
	booktitle = {Proceedings of CVPR ’99},
	author = {Jan Puzicha and Thomas Hofmann and Joachim M. Buhmann},
	pages = {2602-2608},
	volume = {2},
	publisher = {IEEE Computer Society},
	month = {June},
	year = {1999},
	address = {Ft. Collins, CO, USA}
}

@misc{FREITAS,
	author = {Carla Maria Dal Sasso Freitas},
	title = {Computação Gráfica},
	howpublished = {Apresentação na VI Escola de Informática da SBC Regional Sul, realizado nas cidades de Pelotas (RS), Blumenau(SC) e Curitiba (PR).},
	year = {1998}
}

@misc{DARRIN,
	title = {Adventures in HSV Space},
	author = {Darrin Cardani},
	url = {http://132.68.58.138/labs/anat/hsvspace.pdf},
	year = {2001},
	urlaccessdate = {18 nov. 2012}
}

@misc{KILIAN,
	title = {Simple Image Analysis By Moments},
	author = {Johannes Kilian},
	url = {http://public.cranfield.ac.uk/c5354/teaching/dip/opencv/SimpleImageAnalysisbyMoments.pdf},
	year = {2001},
	urlaccessdate = {18 nov. 2012}
}

@misc{IPP,
	title = {What is Integrated Performance Primitives (IPP)?},
	author = {Gijs Molenaar},
	url = {http://opencv.willowgarage.com/wiki/IPP},
	year = {2010},
	urlaccessdate = {22 set. 2012}
}

@misc{ERALP,
	title = {A Comprehensive Guide to Installing and Configuring OpenCV 2.4.2 on Ubuntu},
	author = {Osman Eralp},
	url = {http://www.ozbotz.org/opencv-installation/},
	year = {2012},
	urlaccessdate = {23 set. 2012}
}

@misc{MOTTA,
	title = {Representações de Cores},
	author = {Bruno Motta de Carvalho},
	url = {http://www.dimap.ufrn.br/~motta/dim102/Cores.pdf},
	year = {2006},
	urlaccessdate = {7 nov. 2012}
}

@misc{CLOUD,
	title = {RGB Heatmap Demo},
	author = {The Cloud'N'Sci Team},
	url = {http://cloudnsci.fi/wiki/index.php?n=HeatMiner.RgbHeatmapDemo},
	year = {2012},
	urlaccessdate = {7 nov. 2012}
}

@misc{CECIRE,
	title = {Histograms: Construction, Analysis and Understanding},
	author = {Kenneth Cecire},
	url = {http://quarknet.fnal.gov/toolkits/new/histograms.html},
	year = {2002},
	urlaccessdate = {25 set. 2012}
}

@misc{PADILHA,
	title = {Processamento e Análise de Imagem},
	author = {Armando Jorge Padilha},
	url = {http://paginas.fe.up.pt/~padilha/PAI/ficheiros/Cap4-ac.pdf},
	year = {1999},
	urlaccessdate = {1 out. 2012}
}

@misc{RAHMAN,
	title = {Contours - 1 : Getting Started},
	author = {Abid Rahman},
	url = {http://opencvpython.blogspot.com.br/2012/06/hi-this-article-is-tutorial-which-try.html},
	year = {2010},
	urlaccessdate = {1 out. 2012}
}

@misc{OLIVER,
	title = {OpenCV vs. Matlab vs. SimpleCV.},
	author = {Anthony Oliver},
	url = {http://simplecv.tumblr.com/post/19307835766/opencv-vs-matlab-vs-simplecv},
	year = {2012},
	urlaccessdate = {19 out. 2012}
}















% REFERENCIAS QUE FALTAM REVISAR

@Article{SEYDOUX,
	title = {Deepening project - BazAR - Vision Based Tracking Library},
	author = {Raynald Seydoux},
	publisher = {University of applied sciences Fribourg},
	year = {2010},
}

@Article{ALOIMONOS,
	title = {A Computer Vision},
	author = {Yiannis Aloimonos and Azriel Rosenfeld},
	journal = {Science},
	year = {1991}
}

@phdthesis{ANTUNES,
	title = {Processamento de Imagens: Uma abordagem interdisciplinar aplicada a correção de prognósticos meteorológicos},
	author = {Eurico Jardim Antunes},
	type = {Monografia},
	school = {Universidade Federal de Pelotas},
	pages = {85},
	year = {1999},
	address = {Pelotas, RS, Brasil},
}
